@misc{python,
    howpublished = {\url{http://python.org}},
}

@misc{pygame,
    howpublished = {\url{http://pygame.org}},
}
